<record format="MARC21" type="Bibliographic"><leader>01075nM2.01200024   000h</leader><controlfield tag="001"> HT016980609</controlfield><datafield tag="026" ind1=" " ind2=" "><subfield code=" ">HBZHT016980609</subfield></datafield><datafield tag="030" ind1=" " ind2=" "><subfield code=" ">a|1uc||||||17</subfield></datafield><datafield tag="036" ind1="a" ind2=" "><subfield code=" ">XA-DE-BW</subfield></datafield><datafield tag="037" ind1="b" ind2=" "><subfield code=" ">ger</subfield></datafield><datafield tag="050" ind1=" " ind2=" "><subfield code=" ">||||||||g|||||</subfield></datafield><datafield tag="051" ind1=" " ind2=" "><subfield code=" ">m|||||||</subfield></datafield><datafield tag="070" ind1=" " ind2=" "><subfield code=" ">361</subfield></datafield><datafield tag="070" ind1="b" ind2=" "><subfield code=" ">468</subfield></datafield><datafield tag="078" ind1="e" ind2=" "><subfield code=" ">ZDB-59-BPA</subfield></datafield><datafield tag="078" ind1="i" ind2=" "><subfield code=" ">iall</subfield></datafield><datafield tag="080" ind1=" " ind2=" "><subfield code=" ">60</subfield></datafield><datafield tag="086" ind1="a" ind2=" "><subfield code=" ">978-3-621-27806-5</subfield></datafield><datafield tag="100" ind1=" " ind2=" "><subfield code=" ">Heinrichs, Nina</subfield><subfield code="d">1973-</subfield><subfield code="9">(DE-588)12484085X</subfield></datafield><datafield tag="104" ind1="a" ind2=" "><subfield code=" ">Lohaus, Arnold</subfield><subfield code="d">1954-</subfield><subfield code="9">(DE-588)115417141</subfield></datafield><datafield tag="331" ind1=" " ind2=" "><subfield code=" ">Klinische Entwicklungspsychologie kompakt</subfield></datafield><datafield tag="334" ind1=" " ind2=" "><subfield code=" ">Elektronische Ressource</subfield></datafield><datafield tag="335" ind1=" " ind2=" "><subfield code=" ">psychische Störungen im Kindes- und Jugendalter ; [mit Add-on]</subfield></datafield><datafield tag="359" ind1=" " ind2=" "><subfield code=" ">Nina Heinrichs ; Arnold Lohaus</subfield></datafield><datafield tag="403" ind1=" " ind2=" "><subfield code=" ">1. Aufl.</subfield></datafield><datafield tag="410" ind1=" " ind2=" "><subfield code=" ">Weinheim [u.a.]</subfield></datafield><datafield tag="412" ind1=" " ind2=" "><subfield code=" ">Beltz</subfield></datafield><datafield tag="425" ind1="a" ind2=" "><subfield code=" ">2011</subfield></datafield><datafield tag="433" ind1=" " ind2=" "><subfield code=" ">220 S. : Ill., graph. Darst.</subfield></datafield><datafield tag="527" ind1="z" ind2=" "><subfield code=" ">Druckausg.</subfield><subfield code="a">Heinrichs, Nina: Klinische Entwicklungspsychologie kompakt</subfield><subfield code="9">HT016873568</subfield></datafield><datafield tag="540" ind1="a" ind2=" "><subfield code=" ">978-3-621-27899-7</subfield></datafield><datafield tag="652" ind1="a" ind2=" "><subfield code=" ">Online-Ressource</subfield></datafield><datafield tag="700" ind1=" " ind2=" "><subfield code=" ">610</subfield></datafield><datafield tag="700" ind1=" " ind2=" "><subfield code=" ">150</subfield></datafield><datafield tag="700" ind1="g" ind2=" "><subfield code=" ">CU 5000</subfield></datafield><datafield tag="705" ind1="a" ind2=" "><subfield code=" ">618.928907</subfield><subfield code="c">618.92</subfield><subfield code="d">616.89</subfield><subfield code="e">DDC22ger</subfield></datafield><datafield tag="689" ind1="0" ind2="0"><subfield code="a">Kind</subfield><subfield code="0">(DE-588)4030550-8</subfield></datafield><datafield tag="689" ind1="0" ind2="1"><subfield code="a">Jugend</subfield><subfield code="0">(DE-588)4028859-6</subfield></datafield><datafield tag="689" ind1="0" ind2="2"><subfield code="a">Entwicklungsstörung</subfield><subfield code="0">(DE-588)4014966-3</subfield></datafield><datafield tag="689" ind1="0" ind2="3"><subfield code="a">Psychische Störung</subfield><subfield code="0">(DE-588)4047686-8</subfield></datafield><datafield tag="689" ind1="0" ind2="4"><subfield code="a">Psychopathologie</subfield><subfield code="0">(DE-588)4047724-1</subfield></datafield><datafield tag="689" ind1="0" ind2="5"><subfield code="a">Entwicklungspsychologie</subfield><subfield code="0">(DE-588)4014963-8</subfield></datafield><datafield tag="689" ind1="0" ind2="6"><subfield code="a">Lehrbuch</subfield></datafield><datafield tag="689" ind1="0" ind2="7"><subfield code="a">Online-Publikation</subfield></datafield></record>