<record format="MARC21" type="Bibliographic"><leader>00907nM2.01200024   000h</leader><controlfield tag="001"> HT016980352</controlfield><datafield tag="026" ind1=" " ind2=" "><subfield code=" ">HBZHT016980352</subfield></datafield><datafield tag="030" ind1=" " ind2=" "><subfield code=" ">a|1uc||||||17</subfield></datafield><datafield tag="036" ind1="a" ind2=" "><subfield code=" ">XA-DE-BW</subfield></datafield><datafield tag="037" ind1="b" ind2=" "><subfield code=" ">ger</subfield></datafield><datafield tag="050" ind1=" " ind2=" "><subfield code=" ">||||||||g|||||</subfield></datafield><datafield tag="051" ind1=" " ind2=" "><subfield code=" ">m|||||||</subfield></datafield><datafield tag="070" ind1=" " ind2=" "><subfield code=" ">361</subfield></datafield><datafield tag="070" ind1="b" ind2=" "><subfield code=" ">708</subfield></datafield><datafield tag="078" ind1="e" ind2=" "><subfield code=" ">ZDB-59-BPA</subfield></datafield><datafield tag="078" ind1="i" ind2=" "><subfield code=" ">iall</subfield></datafield><datafield tag="080" ind1=" " ind2=" "><subfield code=" ">60</subfield></datafield><datafield tag="086" ind1="a" ind2=" "><subfield code=" ">978-3-621-27594-1</subfield></datafield><datafield tag="100" ind1=" " ind2=" "><subfield code=" ">Kals, Elisabeth</subfield><subfield code="d">1966-</subfield><subfield code="9">(DE-588)122147979</subfield></datafield><datafield tag="104" ind1="a" ind2=" "><subfield code=" ">Gallenmüller-Roschmann, Jutta</subfield><subfield code="d">1957-</subfield><subfield code="9">(DE-588)123532256</subfield></datafield><datafield tag="331" ind1=" " ind2=" "><subfield code=" ">Arbeits- und Organisationspsychologie kompakt</subfield></datafield><datafield tag="334" ind1=" " ind2=" "><subfield code=" ">Elektronische Ressource</subfield></datafield><datafield tag="335" ind1=" " ind2=" "><subfield code=" ">[mit Add-on]</subfield></datafield><datafield tag="359" ind1=" " ind2=" "><subfield code=" ">Elisabeth Kals ; Jutta Gallenmüller-Roschmann</subfield></datafield><datafield tag="403" ind1=" " ind2=" "><subfield code=" ">2., überarb. Aufl.</subfield></datafield><datafield tag="410" ind1=" " ind2=" "><subfield code=" ">Weinheim [u.a.]</subfield></datafield><datafield tag="412" ind1=" " ind2=" "><subfield code=" ">Beltz</subfield></datafield><datafield tag="425" ind1="a" ind2=" "><subfield code=" ">2011</subfield></datafield><datafield tag="433" ind1=" " ind2=" "><subfield code=" ">256 S. : graph. Darst.</subfield></datafield><datafield tag="527" ind1="z" ind2=" "><subfield code=" ">Druckausg.</subfield><subfield code="a">Kals, Elisabeth: Arbeits- und Organisationspsychologie kompakt</subfield><subfield code="9">HT016657155</subfield></datafield><datafield tag="537" ind1=" " ind2=" "><subfield code=" ">Gesehen am: 19.03.2012</subfield></datafield><datafield tag="540" ind1="a" ind2=" "><subfield code=" ">978-3-621-27901-7</subfield></datafield><datafield tag="652" ind1="a" ind2=" "><subfield code=" ">Online-Ressource</subfield></datafield><datafield tag="700" ind1=" " ind2=" "><subfield code=" ">650</subfield></datafield><datafield tag="700" ind1=" " ind2=" "><subfield code=" ">150</subfield></datafield><datafield tag="700" ind1="g" ind2=" "><subfield code=" ">QP 342</subfield></datafield><datafield tag="700" ind1="g" ind2=" "><subfield code=" ">CW 1500</subfield></datafield><datafield tag="700" ind1="g" ind2=" "><subfield code=" ">CW 4500</subfield></datafield><datafield tag="705" ind1="a" ind2=" "><subfield code=" ">658.30019</subfield><subfield code="c">658.3</subfield><subfield code="e">DDC22ger</subfield><subfield code="f">019</subfield></datafield><datafield tag="689" ind1="0" ind2="0"><subfield code="a">Personalpsychologie</subfield><subfield code="0">(DE-588)4784219-2</subfield></datafield><datafield tag="689" ind1="0" ind2="1"><subfield code="a">Online-Publikation</subfield></datafield></record>