<record format="MARC21" type="Bibliographic"><leader>00948nM2.01200024   000h</leader><controlfield tag="001"> HT016982637</controlfield><datafield tag="020" ind1="b" ind2=" "><subfield code=" ">BV039597081</subfield><subfield code="b">BVB</subfield></datafield><datafield tag="026" ind1=" " ind2=" "><subfield code=" ">BVBBV039597081</subfield></datafield><datafield tag="030" ind1=" " ind2=" "><subfield code=" ">a|1uc||||||17</subfield></datafield><datafield tag="036" ind1="a" ind2=" "><subfield code=" ">XA-DE-BW</subfield></datafield><datafield tag="037" ind1="b" ind2=" "><subfield code=" ">ger</subfield></datafield><datafield tag="050" ind1=" " ind2=" "><subfield code=" ">||||||||g|||||</subfield></datafield><datafield tag="051" ind1=" " ind2=" "><subfield code=" ">m|||||||</subfield></datafield><datafield tag="070" ind1=" " ind2=" "><subfield code=" ">361</subfield></datafield><datafield tag="070" ind1="b" ind2=" "><subfield code=" ">708</subfield></datafield><datafield tag="078" ind1="e" ind2=" "><subfield code=" ">ZDB-59-BPG</subfield></datafield><datafield tag="078" ind1="i" ind2=" "><subfield code=" ">iall</subfield></datafield><datafield tag="080" ind1=" " ind2=" "><subfield code=" ">60</subfield></datafield><datafield tag="086" ind1="a" ind2=" "><subfield code=" ">978-3-621-27666-5</subfield></datafield><datafield tag="100" ind1=" " ind2=" "><subfield code=" ">Schmitt, Manfred</subfield><subfield code="9">(DE-588)132779420</subfield></datafield><datafield tag="104" ind1="a" ind2=" "><subfield code=" ">Altstötter-Gleich, Christine</subfield><subfield code="9">(DE-588)114846618</subfield></datafield><datafield tag="331" ind1=" " ind2=" "><subfield code=" ">Differentielle Psychologie und Persönlichkeitspsychologie kompakt</subfield></datafield><datafield tag="334" ind1=" " ind2=" "><subfield code=" ">Elektronische Ressource</subfield></datafield><datafield tag="335" ind1=" " ind2=" "><subfield code=" ">[mit Add-on]</subfield></datafield><datafield tag="359" ind1=" " ind2=" "><subfield code=" ">Manfred Schmitt ; Christine Altstötter-Gleich</subfield></datafield><datafield tag="403" ind1=" " ind2=" "><subfield code=" ">1. Aufl.</subfield></datafield><datafield tag="410" ind1=" " ind2=" "><subfield code=" ">Weinheim [u.a.]</subfield></datafield><datafield tag="412" ind1=" " ind2=" "><subfield code=" ">Beltz</subfield></datafield><datafield tag="425" ind1="a" ind2=" "><subfield code=" ">2010</subfield></datafield><datafield tag="433" ind1=" " ind2=" "><subfield code=" ">XII, 187 S. : Ill., graph. Darst.</subfield></datafield><datafield tag="527" ind1="z" ind2=" "><subfield code=" ">Druckausg.</subfield><subfield code="a">Schmitt, Manfred: Differentielle Psychologie und Persönlichkeitspsychologie kompakt</subfield><subfield code="9">HT016205029</subfield></datafield><datafield tag="537" ind1=" " ind2=" "><subfield code=" ">Gesehen am: 15.03.2012</subfield></datafield><datafield tag="540" ind1="a" ind2=" "><subfield code=" ">978-3-621-27856-0</subfield></datafield><datafield tag="652" ind1="a" ind2=" "><subfield code=" ">Online-Ressource</subfield></datafield><datafield tag="700" ind1=" " ind2=" "><subfield code=" ">150</subfield></datafield><datafield tag="700" ind1="g" ind2=" "><subfield code=" ">CR 1000</subfield></datafield><datafield tag="700" ind1="g" ind2=" "><subfield code=" ">CV 1000</subfield></datafield><datafield tag="705" ind1="a" ind2=" "><subfield code=" ">155.2</subfield><subfield code="c">155.2</subfield><subfield code="e">DDC22ger</subfield></datafield><datafield tag="689" ind1="0" ind2="0"><subfield code="a">Persönlichkeitspsychologie</subfield><subfield code="0">(DE-588)4075996-9</subfield></datafield><datafield tag="689" ind1="0" ind2="1"><subfield code="a">Lehrbuch</subfield></datafield><datafield tag="689" ind1="0" ind2="2"><subfield code="a">Online-Publikation</subfield></datafield></record>