<record format="MARC21" type="Bibliographic"><leader>00918nM2.01200024   000h</leader><controlfield tag="001"> HT016983725</controlfield><datafield tag="020" ind1="b" ind2=" "><subfield code=" ">BV039600588</subfield><subfield code="b">BVB</subfield></datafield><datafield tag="026" ind1=" " ind2=" "><subfield code=" ">BVBBV039600588</subfield></datafield><datafield tag="030" ind1=" " ind2=" "><subfield code=" ">a|1uc||||||17</subfield></datafield><datafield tag="036" ind1="a" ind2=" "><subfield code=" ">XA-DE-BW</subfield></datafield><datafield tag="037" ind1="b" ind2=" "><subfield code=" ">ger</subfield></datafield><datafield tag="050" ind1=" " ind2=" "><subfield code=" ">||||||||g|||||</subfield></datafield><datafield tag="051" ind1=" " ind2=" "><subfield code=" ">m|||||||</subfield></datafield><datafield tag="070" ind1=" " ind2=" "><subfield code=" ">361</subfield></datafield><datafield tag="070" ind1="b" ind2=" "><subfield code=" ">294</subfield></datafield><datafield tag="078" ind1="e" ind2=" "><subfield code=" ">ZDB-59-BPG</subfield></datafield><datafield tag="078" ind1="i" ind2=" "><subfield code=" ">iall</subfield></datafield><datafield tag="080" ind1=" " ind2=" "><subfield code=" ">60</subfield></datafield><datafield tag="086" ind1="a" ind2=" "><subfield code=" ">978-3-621-27702-0</subfield></datafield><datafield tag="100" ind1=" " ind2=" "><subfield code=" ">Luhmann, Maike</subfield><subfield code="9">(DE-588)13623450X</subfield></datafield><datafield tag="331" ind1=" " ind2=" "><subfield code=" ">R für Einsteiger</subfield></datafield><datafield tag="334" ind1=" " ind2=" "><subfield code=" ">Elektronische Ressource</subfield></datafield><datafield tag="335" ind1=" " ind2=" "><subfield code=" ">Einführung in die Statistiksoftware für die Sozialwissenschaften ; [mit Add-on]</subfield></datafield><datafield tag="359" ind1=" " ind2=" "><subfield code=" ">Maike Luhmann</subfield></datafield><datafield tag="403" ind1=" " ind2=" "><subfield code=" ">1. Aufl.</subfield></datafield><datafield tag="410" ind1=" " ind2=" "><subfield code=" ">Weinheim [u.a.]</subfield></datafield><datafield tag="412" ind1=" " ind2=" "><subfield code=" ">Beltz</subfield></datafield><datafield tag="425" ind1="a" ind2=" "><subfield code=" ">2010</subfield></datafield><datafield tag="433" ind1=" " ind2=" "><subfield code=" ">XI, 305 S. : graph. Darst.</subfield></datafield><datafield tag="527" ind1="z" ind2=" "><subfield code=" ">Druckausg.</subfield><subfield code="a">Luhmann, Maike: R für Einsteiger</subfield><subfield code="9">HT016204416</subfield></datafield><datafield tag="537" ind1=" " ind2=" "><subfield code=" ">Gesehen am: 15.03.2012</subfield></datafield><datafield tag="540" ind1="a" ind2=" "><subfield code=" ">978-3-621-27841-6</subfield></datafield><datafield tag="652" ind1="a" ind2=" "><subfield code=" ">Online-Ressource</subfield></datafield><datafield tag="700" ind1=" " ind2=" "><subfield code=" ">510</subfield></datafield><datafield tag="700" ind1=" " ind2=" "><subfield code=" ">300</subfield></datafield><datafield tag="700" ind1=" " ind2=" "><subfield code=" ">004</subfield></datafield><datafield tag="700" ind1="g" ind2=" "><subfield code=" ">QH 231</subfield></datafield><datafield tag="700" ind1="g" ind2=" "><subfield code=" ">CM 4000</subfield></datafield><datafield tag="700" ind1="g" ind2=" "><subfield code=" ">MR 2100</subfield></datafield><datafield tag="700" ind1="g" ind2=" "><subfield code=" ">ST 250</subfield></datafield><datafield tag="700" ind1="g" ind2=" "><subfield code=" ">ST 601</subfield></datafield><datafield tag="700" ind1="g" ind2=" "><subfield code=" ">ST 650</subfield></datafield><datafield tag="705" ind1="a" ind2=" "><subfield code=" ">519.50285555</subfield><subfield code="c">519.5</subfield><subfield code="d">005.55</subfield><subfield code="e">DDC22ger</subfield><subfield code="f">0285</subfield></datafield><datafield tag="689" ind1="0" ind2="0"><subfield code="a">Statistik</subfield><subfield code="0">(DE-588)4056995-0</subfield></datafield><datafield tag="689" ind1="0" ind2="1"><subfield code="a">R</subfield><subfield code="h">Programm</subfield><subfield code="0">(DE-588)4705956-4</subfield></datafield><datafield tag="689" ind1="0" ind2="2"><subfield code="a">Online-Publikation</subfield></datafield><datafield tag="903" ind1=" " ind2=" "><subfield code=" ">213</subfield></datafield></record>